@article{hakim2020review,
  title={A review on remote sensing and GIS applications to monitor natural disasters in Indonesia},
  author={Hakim, Wahyu Luqmanul and Lee, Chang-Wook},
  journal={Korean Journal of Remote Sensing},
  volume={36},
  number={6\_1},
  pages={1303--1322},
  year={2020},
  publisher={Korean Society of Remote Sensing}
}
@incollection{teh2021types,
  title={Types, definition and classification of natural disasters and threat level},
  author={Teh, David and Khan, Tehmina},
  booktitle={Handbook of disaster risk reduction for resilience: new frameworks for building resilience to disasters},
  pages={27--56},
  year={2021},
  publisher={Springer}
}
@article{sastrawan2022portents,
  title={Portents of power: Natural disasters throughout Indonesian history},
  author={Sastrawan, Wayan Jarrah},
  journal={Indonesia},
  volume={113},
  number={1},
  pages={9--30},
  year={2022},
  publisher={Cornell University Press}
}
@inproceedings{sholihah2020analysis,
  title={The analysis of the causes of flood disasters and their impacts in the perspective of environmental law},
  author={Sholihah, Qomariyatus and Kuncoro, Wahyudi and Wahyuni, Sri and Suwandi, Sisilia Puni and Feditasari, Elisa Dwi},
  booktitle={IOP conference series: earth and environmental science},
  volume={437},
  number={1},
  pages={012056},
  year={2020},
  organization={IOP Publishing}
}
@inproceedings{riza2020advancing,
  title={Advancing flood disaster mitigation in Indonesia using machine learning methods},
  author={Riza, Hammam and Santoso, Eko Widi and Tejakusuma, Iwan Gunawan and Prawiradisastra, Firman},
  booktitle={2020 International Conference on ICT for Smart Society (ICISS)},
  pages={1--4},
  year={2020},
  organization={IEEE}
}
@article{rustian2021implementation,
  title={Implementation of supply chain and logistics for natural disaster management in Indonesia: a smart governance perspective},
  author={Rustian, Sumartono and Sumartono, Hermawan and Wardhono, H},
  journal={International Journal of Criminology and Sociology},
  volume={10},
  pages={1699--1706},
  year={2021}
}
@article{rasyidi2020supply,
  title={Supply chain agility assessment of an Indonesian humanitarian organization},
  author={Rasyidi, Rizal Afif and Kusumastuti, Ratih Dyah},
  journal={Journal of Humanitarian Logistics and Supply Chain Management},
  volume={10},
  number={4},
  pages={629--652},
  year={2020},
  publisher={Emerald Publishing Limited}
}
@article{chukwuka2023comprehensive,
  title={A comprehensive research on analyzing risk factors in emergency supply chains},
  author={Chukwuka, Onyeka John and Ren, Jun and Wang, Jin and Paraskevadakis, Dimitrios},
  journal={Journal of Humanitarian Logistics and Supply Chain Management},
  volume={13},
  number={3},
  pages={249--292},
  year={2023},
  publisher={Emerald Publishing}
}
@article{orengo2022food,
  title={Food supply chain resilience model for critical infrastructure collapses due to natural disasters},
  author={Orengo Serra, Karen L and Sanchez-Jauregui, Maria},
  journal={British Food Journal},
  volume={124},
  number={13},
  pages={14--34},
  year={2022},
  publisher={Emerald Publishing Limited}
}
@article{he2020dynamic,
  title={A dynamic and simulation-based method for quantitative risk assessment of the domino accident in chemical industry},
  author={He, Zhichao and Weng, Wenguo},
  journal={Process Safety and Environmental Protection},
  volume={144},
  pages={79--92},
  year={2020},
  publisher={Elsevier}
}
@article{latchmore2023integrating,
  title={Integrating consumer risk perception and awareness with simulation-based quantitative microbial risk assessment using a coupled systems framework: A case study of private groundwater users in Ontario},
  author={Latchmore, Tessa and Lavallee, Sarah and Hynds, Paul D and Brown, R Stephen and Majury, Anna},
  journal={Journal of Environmental Management},
  volume={331},
  pages={117112},
  year={2023},
  publisher={Elsevier}
}
@article{endo2020estimating,
  title={Estimating the overdispersion in COVID-19 transmission using outbreak sizes outside China},
  author={Endo, Akira and Abbott, Sam and Kucharski, Adam J and Funk, Sebastian and others},
  journal={Wellcome open research},
  volume={5},
  pages={67},
  year={2020}
}
@article{santos2020workforce,
  title={Workforce/Population, Economy, Infrastructure, Geography, Hierarchy, and Time (WEIGHT): reflections on the plural dimensions of disaster resilience},
  author={Santos, Joost and Yip, Christian and Thekdi, Shital and Pagsuyoin, Sheree},
  journal={Risk analysis},
  volume={40},
  number={1},
  pages={43--67},
  year={2020},
  publisher={Wiley Online Library}
}
@article{alkaesi2021spatial,
  title={Spatial Analysis of Hydrometeorological Vulnerability of Natural Disasters in The Bogor Region},
  author={Alkaesi, Fuad and Kadar, Isman and Istiadi, Yossa},
  journal={Journal of Science Innovare},
  volume={4},
  number={2},
  pages={50--56},
  year={2021}
}
@article{berawi2020prioritized,
  author       = {Berawi, Mohammed Ali and Siahaan, Sutan Akbar Onggar and Gunawan and Miraj, Perdana},
  title        = {Determining the Prioritized Victim of Earthquake Disaster Using Fuzzy Logic and Decision Tree Approach},
  journal      = {Evergreen},
  volume       = {7},
  number       = {2},
  pages        = {246--252},
  year         = {2020},
  publisher    = {Green Technology Research Center, Kyushu University},
  doi          = {10.5109/4055227},
  note         = {Kyushu University Institutional Repository},
  url          = {https://doi.org/10.5109/4055227}
}
@article{jain2020membership,
  title={Membership function formulation methods for fuzzy logic systems: A comprehensive review},
  author={Jain, Arpit and Sharma, Abhinav},
  journal={Journal of Critical Reviews},
  volume={7},
  number={19},
  pages={8717--8733},
  year={2020}
}
@article{amiri2021application,
  title={Application of fuzzy modelling to predict the earthquake damage degree of buildings based on field data},
  author={Amiri Shahmirani, Mohammad Reza and Akbarpour Nikghalb Rashti, Abbas and Adib Ramezani, Mohammad Reza and Golafshani, Emadaldin Mohammadi},
  journal={Journal of Intelligent \& Fuzzy Systems},
  volume={41},
  number={2},
  pages={2717--2730},
  year={2021},
  publisher={SAGE Publications Sage UK: London, England}
}
@article{yoon2023novel,
  title={Novel fuzzy correlation coefficient and variable selection method for fuzzy regression analysis based on distance approach},
  author={Yoon, Jin Hee and Kim, Dae Jong and Koo, Yoo Young},
  journal={International Journal of Fuzzy Systems},
  volume={25},
  number={8},
  pages={2969--2985},
  year={2023},
  publisher={Springer}
}
@article{wang2024gis,
  title={GIS-based fuzzy logic technique for mapping landslide susceptibility analyzing in a coastal soft rock zone},
  author={Wang, Yanli and Nanehkaran, Yaser A},
  journal={Natural Hazards},
  volume={120},
  number={12},
  pages={10889--10921},
  year={2024},
  publisher={Springer}
}
@misc{sphere2018pdf,
  author    = {{Sphere Association}},
  title     = {Sphere Handbook: Humanitarian Charter and Minimum Standards in Humanitarian Response},
  year      = {2018},
  howpublished = {\url{https://spherestandards.org/wp-content/uploads/Sphere-Handbook-2018-EN.pdf}},
  note      = {PDF version, 4th Edition, accessed YYYY-MM-DD}
}
@article{herpratiwi2022implementation,
  title={Implementation and Analysis of Fuzzy Mamdani Logic Algorithm from Digital Platform and Electronic Resource},
  author={Herpratiwi, H and Maftuh, M and Firdaus, Winci and Tohir, Ahmad and Daulay, Musnar Indra and Rahim, Robbi},
  journal={TEM Journal},
  volume={11},
  number={3},
  pages={1028--1033},
  year={2022}
}
@article{shirmarz2020adaptive,
  title={An adaptive greedy flow routing algorithm for performance improvement in software-defined network},
  author={Shirmarz, Alireza and Ghaffari, Ali},
  journal={International Journal of Numerical Modelling: Electronic Networks, Devices and Fields},
  volume={33},
  number={1},
  pages={e2676},
  year={2020},
  publisher={Wiley Online Library}
}
@article{hamidouglu2023game,
  title={A game theoretical approach for finding near-optimal solutions of an optimization problem},
  author={Hamido{\u{g}}lu, Ali},
  journal={Optimization},
  volume={72},
  number={10},
  pages={2561--2583},
  year={2023},
  publisher={Taylor \& Francis}
}
@article{park2021architectural,
  title={The architectural framework of a cyber physical logistics system for digital-twin-based supply chain control},
  author={Park, Kyu Tae and Son, Yoo Ho and Noh, Sang Do},
  journal={International Journal of Production Research},
  volume={59},
  number={19},
  pages={5721--5742},
  year={2021},
  publisher={Taylor \& Francis}
}
@article{halawa2020introduction,
  title={Introduction of a real time location system to enhance the warehouse safety and operational efficiency},
  author={Halawa, Farouq and Dauod, Husam and Lee, In Gyu and Li, Yinglei and Yoon, Sang Won and Chung, Sung Hoon},
  journal={International Journal of Production Economics},
  volume={224},
  pages={107541},
  year={2020},
  publisher={Elsevier}
}


